@book{dahl1972structured,
	editor = {Dahl, O. J. and Dijkstra, E. W. and Hoare, C. A. R.},
	title = {Structured Programming},
	year = {1972},
	isbn = {0-12-200550-3},
	source = {Library of Congress Catalog Card Number: 72-84452},
	publisher = {Academic Press Ltd.},
	address = {London, UK, UK},
}

@book{cormen2009algorithms,
	author = {Cormen, Thomas H. and Leiserson, Charles E. and Rivest, Ronald L. and Stein, Clifford},
	title = {Introduction to Algorithms, Third Edition},
	year = {2009},
	isbn = {978-0-262-53305-8},
	edition = {3rd},
	publisher = {The MIT Press},
}

@incollection{dijkstra1979goto,
	author = {Dijkstra, E.},
	chapter = {Go to Statement Considered Harmful},
	title = {Classics in Software Engineering},
	editor = {Yourdon, Edward Nash},
	year = {1979},
	isbn = {0-917072-14-6},
	pages = {27--33},
	numpages = {7},
	url = {http://dl.acm.org/citation.cfm?id=1241515.1241518},
	acmid = {1241518},
	publisher = {Yourdon Press},
	address = {Upper Saddle River, NJ, USA},
}

@article{krasner1988mvc,
	author = {Krasner, Glenn E. and Pope, Stephen T.},
	title = {A Cookbook for Using the Model-View-Controller User Interface Paradigm in Smalltalk-80},
	journal = {J. Object Oriented Program.},
	issue_date = {Aug./Sept. 1988},
	volume = {1},
	number = {3},
	month = aug,
	year = {1988},
	issn = {0896-8438},
	pages = {26--49},
	numpages = {24},
	url = {http://dl.acm.org/citation.cfm?id=50757.50759},
	acmid = {50759},
	publisher = {SIGS Publications},
	address = {Denville, NJ, USA},
} 

@online{sebestianlague2019,
  author       = {Sebestian Lague},
  title        = {Coding Adventure: Clouds},
  year         = {2019},
  url          = {https://youtu.be/4QOcCGI6xOU},
}


@online{shadertoy2013,
  author       = {Inigo Quilez},
  title        = {clouds},
  year         = {2013},
  url          = {https://www.shadertoy.com/view/XslGRr},
}


@misc{learnopengl,
  author       = {JoeyDeVries},
  title        = {Learn OpenGL},
  year         = {-},
  howpublished = {https://www.learnopengl.com},
}

@article{perlin1985image,
  author = {Perlin, Ken},
  title = {An Image Synthesizer},
  journal = {SIGGRAPH Computer Graphics},
  volume = {19},
  number = {3},
  year = {1985},
  pages = {287--296},
  publisher = {ACM},
  doi = {10.1145/325165.325247}
}

@article{perlin2002improving,
  author = {Perlin, Ken},
  title = {Improving Noise},
  journal = {ACM Transactions on Graphics},
  volume = {21},
  number = {3},
  year = {2002},
  pages = {681--682},
  publisher = {ACM},
  doi = {10.1145/566654.566636}
}

@online{perlin_video,
  author       = {The Taylor Series},
  title        = {How to turn a few Numbers into Worlds (Fractal Perlin Noise)},
  year         = {2022},
  url          = {https://youtu.be/ZsEnnB2wrbI},
}

@misc{dawkins_parametric_surfaces,
  author       = {Paul Dawkins},
  title        = {Calculus III -- Parametric Surfaces},
  year         = {2023},
  url          = {https://tutorial.math.lamar.edu/classes/calciii/parametricsurfaces.aspx},
  note         = {Accessed: 2025-04-14}
}

@misc{guerrillagames2025nubis,
  author       = {Guerrilla Games},
  title        = {Nubis: Real-time volumetric cloudscapes in a nutshell},
  year         = {2025},
  url          = {https://www.guerrilla-games.com/read/nubis-realtime-volumetric-cloudscapes-in-a-nutshell},
  note         = {Accessed: 2025-04-16}
}

@online{reinder2018,
  author       = {Reinder Nijhoff},
  title        = {Himalayas},
  year         = {2018},
  url          = {https://www.shadertoy.com/view/MdGfzh},
}


@mastersthesis{fredrik,
  author       = {Fredrik Haggstrom},
  title        = {Real-time rendering of volumetric clouds},
  year         = {2018},
  url          = {https://www.diva-portal.org/smash/get/diva2:1223894/FULLTEXT01.pdf},
  school 	   = {Umeå universitet}
}

@misc{gamedevnet2015horizonzerodawn,
  author       = {GameDev.net},
  title        = {Horizon Zero Dawn Cloud System},
  year         = {2015},
  url          = {https://www.gamedev.net/forums/topic/680832-horizonzero-dawn-cloud-system/},
}

@mastersthesis{palenik2016volumetricclouds,
  author       = {Juraj Páleník},
  title        = {Real-time rendering of volumetric clouds},
  year         = {2016},
  school       = {Masaryk University},
  address      = {Brno},
  url          = {https://is.muni.cz/th/d099f/thesis.pdf},
}

@online{maxime2023,
  author       = {Maxime Heckel},
  title        = {Real-time dreamy Cloudscapes with Volumetric Raymarching},
  year         = {2023},
  url          = {https://blog.maximeheckel.com/posts/real-time-cloudscapes-with-volumetric-raymarching/},
}


@book{engel2016gpupro7,
  editor       = {Wolfgang Engel},
  title        = {GPU Pro 7: Advanced Rendering Techniques},
  year         = {2016},
  publisher    = {CRC Press},
  isbn         = {9781040073841}
}